@inproceedings{Goel2010Wsdm,
 author = {Goel, Sharad and Broder, Andrei and Gabrilovich, Evgeniy and Pang, Bo},
 title = {Anatomy of the Long Tail: Ordinary People with Extraordinary Tastes},
 booktitle = {WSDM},
 year = {2010},
 publisher = {ACM},
} 

@inproceedings{Doug2007Sigir,
 author = {Downey, Doug and Dumais, Susan and Horvitz, Eric},
 title = {Heads and Tails: Studies of Web Search with Common and Rare Queries},
 booktitle = {SIGIR},
 year = {2007},
 publisher = {ACM},
 keywords = {Zipf distribution, probabilistic latent semantic analysis, web search},
} 


@INPROCEEDINGS{ceccarelli2013learning,
  author = { Ceccarelli, D. and  Lucchese, C. and Orlando, S. and  Perego, R.
  and  Trani, S.},
  title = {Learning relatedness measures for entity linking},
  year = {2013},
  booktitle = {CIKM '13},
}

@article{silvestri2010mining,
  title={Mining query logs: Turning search usage data into knowledge},
  author={Silvestri, Fabrizio},
  journal={Foundations and Trends in Information Retrieval},
  volume={4},
  year={2010},
  publisher={Now Publishers Inc.}
}

@inproceedings{hollink2013web,
  title={Web usage mining with semantic analysis},
  author={Hollink, Laura and Mika, Peter and Blanco, Roi},
  booktitle={WWW},
  year={2013},
}

@inproceedings{ceccarelli2013dexter,
  title={Dexter: an open source framework for entity linking},
  author={Ceccarelli, Diego and Lucchese, Claudio and Orlando, Salvatore and Perego, Raffaele and Trani, Salvatore},
  booktitle={ESAIR},
  year={2013},
  organization={ACM}
}

@inproceedings{milne2008learning,
  title={Learning to link with wikipedia},
  author={Milne, David and Witten, Ian H},
  booktitle={CIKM},
  year={2008},
  organization={ACM}
}

@inproceedings{baeza2007impact,
 author = {Baeza-Yates, Ricardo and Gionis, Aristides and Junqueira, Flavio and Murdock, Vanessa and Plachouras, Vassilis and Silvestri, Fabrizio},
 title = {The Impact of Caching on Search Engines},
 booktitle = {SIGIR},
 year = {2007},
 publisher = {ACM},
} 
